@article{Gordon:1977,
  AUTHOR = "{Gordon, A. D.} and {Henderson, J. T.}",
  TITLE = "Algorithm for Euclidean sum of squares classification",
  JOURNAL = {Biometrics},
  YEAR = {1977},
  VOLUME = {33},
  PAGES = {355-362}
}
 
@book{Lamport:1994,
  author = "{Lamport, L.}",
  title = "LaTex: a document preparation system",
  edition = "Second.",
  publisher = "Addison-Wesley",
  year = {1994},
}

@book{Goossens:1994,
  author = "{Goossens, M.} and {Mittelbach, F.} and {Samarin, A.}",
  title = "The LaTex companion",
  publisher = "Addison-Wesley",
  year = {1994}
}

                  
@misc{Downton:1980,
  author = "{Dowton, M.} and {Brennan, T.}",
  title = "Comparing Classifications: An Evaluation of Several Coefficients of Partition Agreement",
  howpublished={Paper presented at the meeting of the Classification Society, Boulder, CO},
  year = {1980}
}
         
@inproceedings{Milioli:1999,
  author = "{Milioli, Maria Adele}",
  title = "Variable Selection in Fuzzy Clustering",
  editor = "{Vichi, Maurizio} and {Opitz, Otto}",
  booktitle = "Classification and Data Analysis: theory and application",
  publisher = "Springer-Verlag Berlin $\cdot$ Heidelberg",
  pages = {63-70},
  year = {1999}
}                

@techreport{ZhangHsu:1999,
  author="{Zhang, B.} and {Hsu, M.} and {Dayal, U.}",
  title={K-harmonic means -- a data clustering algorithm},
  year={1999},
  number={HPL-1999-124},
  institution={Hewlett-Packard Research Laboratory},
}            


