@book{GoossensEtAl:1999,
  author="{Goossens, M.} and {Rahtz, S.} with {Gurari, E., M.} and {Moore, R.} and {Sutor, R.
S.}",
  title="The \LaTeX\, Web Companion",
  publisher="Addison-Wesley",
  year="1999"
} 

@misc{Hutchinson,
  author="{Hutchinson, I.}",
  title={Should I translate TeX to HTML or not?},
  howpublished="http://hutchinson.belmont.ma.us/tth/shouldi.html",
  year="2003",
  month="March"
}

