/home/salviano/Modelos/Seminarios/pracjourn.bib