@STRING{RBEF = {Revista Brasileira de Ensino de Física}}

@ARTICLE{Baptista2000,
  author =	 {José Plínio Baptista and Laércio Ferracioli},
  title =	 {A Construção do Princípio de Inércia e do Conceito
                  de Inércia Material},
  journal =	 {Revista Brasileira de Ensino de Física},
  year =	 2000,
  volume =	 22,
  pages =	 272,
  number =	 02,
  owner =	 {salviano}
}

@ARTICLE{Bolivar2001,
  author =	 {A. O. Bolivar},
  title =	 {Teorema de Ehrenfest e o Limite Clássico da Mecânica
                  Quântica},
  journal =	 RBEF,
  year =	 2001,
  volume =	 23,
  pages =	 190,
  number =	 02,
  owner =	 {salviano}
}

@ARTICLE{Branicio2001,
  author =	 {Paulo S. Branício},
  title =	 {Introdução à Supercondutividade, Suas Aplicações, e
                  a Mini-Revolução Provocada pela Redescoberta do
                  MgB$_{2}$: Uma Abordagem Didática},
  journal =	 RBEF,
  year =	 2001,
  volume =	 23,
  pages =	 381,
  number =	 04,
  owner =	 {salviano}
}

@ARTICLE{Bruno2002,
  author =	 {Antonia D. S. Bruno and J. Mauricio O. Matos},
  title =	 {O Comprimento da Trajetória de um Projétil},
  journal =	 {Revista Brasileira de Ensino de Física},
  year =	 2002,
  volume =	 24,
  pages =	 {30-36},
  number =	 1,
  month =	 {Março}
}

@ARTICLE{Caparelli2001,
  author =	 {E. C. Caparelli and D. Tomasi},
  title =	 {An Analytical Calculation of Biot Savart Integral
                  Equation},
  journal =	 RBEF,
  year =	 2001,
  volume =	 23,
  pages =	 284,
  number =	 03,
  owner =	 {salviano}
}

@ARTICLE{Carneiro2000,
  author =	 {C. E. I. Carneiro and M. T. Thomaz},
  title =	 {A Álgebra dos Férmions},
  journal =	 RBEF,
  year =	 2000,
  volume =	 22,
  pages =	 474,
  number =	 04,
  owner =	 {salviano}
}

@ARTICLE{Castellani2001,
  author =	 {Otávio César Castellani},
  title =	 {Discussão dos Conceitos de Massa Inercial e
                  Gravitacional},
  journal =	 RBEF,
  year =	 2001,
  volume =	 23,
  pages =	 356,
  number =	 03,
  owner =	 {salviano}
}

@ARTICLE{Castro2001,
  author =	 {ELysandra Figur\^{e}do and Antonio Soares de Castro},
  title =	 {Um Problema de Tr\^{e}s Corpos Analiticamente
                  Solúvel},
  journal =	 RBEF,
  year =	 2001,
  volume =	 23,
  pages =	 289,
  number =	 03,
  owner =	 {salviano}
}

@ARTICLE{Castro2002,
  author =	 {A. S. de Castro and E. L. Marchesetti and A. Feldt},
  title =	 {Constantes de Movimento para um Potencial Dependente
                  da Velocidade},
  journal =	 {Revista Brasileira de Ensino de Física},
  year =	 2002,
  volume =	 24,
  pages =	 {278-284},
  number =	 3,
  month =	 {Setembro}
}

@ARTICLE{Chiquito2001,
  author =	 {Adenilson J. Chiquito},
  title =	 {Pontos Quânticos: Átomos Artificiais e Transistores
                  Quânticos},
  journal =	 RBEF,
  year =	 2001,
  volume =	 23,
  pages =	 159,
  number =	 02,
  owner =	 {salviano}
}

@ARTICLE{Davies-SciAm2006,
  author =	 {William J.H. Andrewes},
  title =	 {Uma},
  journal =	 {Scientific American Brasil - Edição Especial},
  year =	 2006,
  volume =	 21,
  pages =	 10,
  note =	 {Edição especial da Scinetific American Brasil},
  owner =	 {salviano},
  timestamp =	 {2008.04.14}
}

@ARTICLE{Delatorre2001,
  author =	 {Plínio Delatorre and Valmir Fadel and Walter
                  Filgueira de Azevedo Junior},
  title =	 {Simulação de Densidade Eletrônica para Cristais
                  Unidimensionais e Bidimensionais},
  journal =	 RBEF,
  year =	 2001,
  volume =	 23,
  pages =	 63,
  number =	 01,
  owner =	 {salviano}
}

@ARTICLE{Fabris1996,
  author =	 {Robson Leone Evangelista and Júlio César Fabris},
  title =	 {Singularidades Nuas e a Precessão das Órbitas
                  Elípticas},
  journal =	 RBEF,
  year =	 1996,
  volume =	 18,
  pages =	 7,
  number =	 1,
  owner =	 {salviano}
}

@ARTICLE{Fagundes2002,
  author =	 {Helio V. Fagundes},
  title =	 {Modelos Cosmológicos e a Aceleração do Universo},
  journal =	 {Revista Brasileira de Ensino de Física},
  year =	 2002,
  volume =	 24,
  pages =	 {247-253},
  number =	 2,
  month =	 {Junho}
}

@ARTICLE{Ferreira2000,
  author =	 {G. F. Leal Ferreira},
  title =	 {Estudo Simplificado do Movimento do Pião com Rotação
                  Constante ou Variável},
  journal =	 RBEF,
  year =	 2000,
  volume =	 22,
  pages =	 568,
  number =	 04,
  owner =	 {salviano}
}

@ARTICLE{Ferreira2001,
  author =	 {G. F. Leal Ferreira},
  title =	 {Esfera Condutora em Movimento: Campos, Potenciais e
                  Dúvidas},
  journal =	 RBEF,
  year =	 2001,
  volume =	 23,
  pages =	 141,
  number =	 01,
  owner =	 {salviano}
}

@ARTICLE{Ferreira2001a,
  author =	 {G. F. Leal Ferreira},
  title =	 {A Energia mínima Irradiada na Criação de
                  Distribuição Neutra de Cargas},
  journal =	 RBEF,
  year =	 2001,
  volume =	 23,
  pages =	 145,
  number =	 01,
  owner =	 {salviano}
}

@ARTICLE{Ferreira2001b,
  author =	 {G. F. Leal Ferreira},
  title =	 {O Sentido Físico dos Campos $\mathbf{B}$ e
                  $\mathbf{H}$},
  journal =	 RBEF,
  year =	 2001,
  volume =	 23,
  pages =	 252,
  number =	 02,
  owner =	 {salviano}
}

@ARTICLE{Ferreira2001c,
  author =	 {G. F. Leal Ferreira},
  title =	 {As Equações de Hamilton Sem Transformações de
                  Legendre},
  journal =	 RBEF,
  year =	 2001,
  volume =	 23,
  pages =	 168,
  number =	 02,
  owner =	 {salviano}
}

@ARTICLE{Ferreira2001d,
  author =	 {G. F. Leal Ferreira},
  title =	 {Projéteis com Resistência do Ar Quadrática na
                  Velocidade},
  journal =	 RBEF,
  year =	 2001,
  volume =	 23,
  pages =	 260,
  number =	 03,
  owner =	 {salviano}
}

@ARTICLE{Ferreira2001e,
  author =	 {G. F. Leal Ferreira},
  title =	 {As Equações de Estados Quase-Permanentes e uma Visão
                  Alternativa da Indução Eletromagnética},
  journal =	 RBEF,
  year =	 2001,
  volume =	 23,
  pages =	 395,
  number =	 04,
  owner =	 {salviano}
}

@ARTICLE{Fleming2001,
  author =	 {H. Fleming},
  title =	 {Two Theorems by Helmholtz},
  journal =	 RBEF,
  year =	 2001,
  volume =	 23,
  pages =	 155,
  number =	 02,
  owner =	 {salviano}
}

@ARTICLE{Gomes2001,
  author =	 {M. A. F. Gomes and E. J. R. Parteli},
  title =	 {A Física nos Esportes},
  journal =	 RBEF,
  year =	 2001,
  volume =	 23,
  pages =	 10,
  number =	 01,
  owner =	 {salviano}
}

@ARTICLE{Jankov2000,
  author =	 {I. R. Jankov and I. D. Goldman and R. N. Szente},
  title =	 {Principles of the kelvin Probe Force Microscopy},
  journal =	 RBEF,
  year =	 2000,
  volume =	 22,
  pages =	 503,
  number =	 04,
  owner =	 {salviano}
}

@ARTICLE{Lemos2001,
  author =	 {Nivaldo A. Lemos},
  title =	 {$E=mc^2$: Origem e Significado},
  journal =	 {Revista Brasileira de Ensino de Física},
  year =	 2001,
  volume =	 23,
  pages =	 3,
  number =	 1,
  month =	 {Março}
}

@ARTICLE{Lemos2003,
  author =	 {Nivaldo A. Lemos},
  title =	 {Sutilezas dos Vínculos Não-Holônomos},
  journal =	 {Revista Brasileira de Ensino de Física},
  year =	 2003,
  volume =	 25,
  pages =	 {28-34},
  number =	 1,
  month =	 {Março}
}

@ARTICLE{Neves2000,
  author =	 {Marcos Cesar Danhoni Neves},
  title =	 {Uma Investigação Sobre a Natureza do Movimento ou
                  Sobre uma História para a Noção do Conceito de
                  Força},
  journal =	 RBEF,
  year =	 2000,
  volume =	 22,
  pages =	 543,
  number =	 04,
  owner =	 {salviano}
}

@ARTICLE{Neves2000a,
  author =	 {Marcos Cesar Danhoni Neves},
  title =	 {A Terra e Sua Posição no Universo: Formas, Dimensões
                  e Modelos Orbitais},
  journal =	 RBEF,
  year =	 2000,
  volume =	 22,
  pages =	 557,
  number =	 04,
  owner =	 {salviano}
}

@ARTICLE{Pasqua2001,
  author =	 {Norberto Helil Pasqua and Paulo Daniel Emmel},
  title =	 {Cancelamento das Forças de Vínculo em Anel Condutor
                  Carregado com $nq$ Cargas por meio de uma Carga $Q$
                  de Sinal Contrário Posicionada no Centro},
  journal =	 RBEF,
  year =	 2001,
  volume =	 23,
  pages =	 184,
  number =	 02,
  owner =	 {salviano}
}

@ARTICLE{Peixoto2000,
  author =	 {Luciano Terra Peixoto and Newton Elói Oliveira
                  Azevedo},
  title =	 {Simulação gráfica do comportamento quântico da
                  cadeia monoatômica},
  journal =	 RBEF,
  year =	 2000,
  volume =	 22,
  pages =	 468,
  number =	 04,
  owner =	 {salviano}
}

@ARTICLE{Planck2000,
  author =	 {M. Planck},
  title =	 {Sobre um Aperfeiçoamento da Equação de Wien para o
                  Espectro},
  journal =	 RBEF,
  year =	 2000,
  volume =	 22,
  pages =	 536,
  number =	 04,
  owner =	 {salviano}
}

@ARTICLE{Planck2000a,
  author =	 {M. Planck},
  title =	 {Sobre a Lei de Distribuição de Energia no Espectro
                  Normal},
  journal =	 RBEF,
  year =	 2000,
  volume =	 22,
  pages =	 538,
  number =	 04,
  owner =	 {salviano}
}

@ARTICLE{Resek1996,
  author =	 {Eduardo O. Resek},
  title =	 {Uma Nota Sobre a Magnetostática e a Lei de Ampére},
  journal =	 RBEF,
  year =	 1996,
  volume =	 18,
  pages =	 56,
  number =	 1,
  owner =	 {salviano}
}

@ARTICLE{Robert2000,
  author =	 {Renê Robert and Sérgio Luiz Meister Berleze},
  title =	 {Distância geométrica média de J. C. Maxwell no
                  cálculo de campos magnéticos},
  journal =	 RBEF,
  year =	 2000,
  volume =	 22,
  pages =	 463,
  number =	 04,
  owner =	 {salviano}
}

@ARTICLE{Santana2000,
  author =	 {A. E. Santana and A. Ribeiro Filho and J. David
                  M. Vianna},
  title =	 {Grupos de Lie em mecânica clássica: a contribuição
                  de Dirac e recentes desenvolvimentos},
  journal =	 {Revista Brasileira de Ensino de Física},
  year =	 2000,
  volume =	 22,
  pages =	 199,
  number =	 02,
  abstract =	 {O conceito de representação de álgebras de Lie
                  proposto por Dirac, com base na estrutura de
                  parêntesis de Poisson, é reexaminado sob a
                  perspectiva de recentes desenvolvimentos. Como
                  exemplos, o grupo de Poincaré e o de rotação são
                  tratados no espaço de fase, com particular ênfase a
                  modelos clássicos com graus internos de liberdade,
                  como spin e isospin. Além disso, como uma
                  generalização da proposta de Dirac, desenvolvemos a
                  noção de representação unitária no espaço de fase
                  relativístico seguindo de perto a estrutura
                  quântica. Mostramos então como tais representa ções
                  estão associadas com métodos da teoria de campos a
                  temperatura finita e teoria cinética
                  relativística. O trabalho enfatiza uma apresentação
                  pedagógica de um ponto de vista físico.},
  owner =	 {salviano}
}

@ARTICLE{Silveira2001,
  author =	 {Fernando Lang da Silveira},
  title =	 {As Variações dos Intervalos de Tempo entre as Fases
                  Principais da Lua},
  journal =	 RBEF,
  year =	 2001,
  volume =	 23,
  pages =	 300,
  number =	 03,
  owner =	 {salviano}
}

@ARTICLE{Studart2000,
  author =	 {Nelson Studart},
  title =	 {A Invenção do Conceito de Quantum de Energia Segundo
                  Planck},
  journal =	 RBEF,
  year =	 2000,
  volume =	 22,
  pages =	 523,
  number =	 04,
  owner =	 {salviano}
}

@ARTICLE{Tort2001,
  author =	 {J. J. Passos Sobrinho and A. C. Tort},
  title =	 {Uma Introdu\c{c}\~{a}o aos M\'{e}todos de Cálculo da
                  Energia de Casimir},
  journal =	 RBEF,
  year =	 2001,
  volume =	 23,
  pages =	 401,
  number =	 04,
  owner =	 {salviano}
}

@ARTICLE{Veneziano-SciAm2006,
  author =	 {Gabriele Veneziano},
  title =	 {O Enigma Envolvendo O Início Do Tempo},
  journal =	 {Scientific American Brasil - Edição Especial},
  year =	 2006,
  volume =	 21,
  pages =	 70,
  owner =	 {salviano},
  timestamp =	 {2008.04.14}
}

@ARTICLE{Volchan2001,
  author =	 {Sérgio B. Volchan and Antonio A. P. Videira},
  title =	 {Reversibilidade Microscópica versus
                  Irreversibilidade Macroscópica na Mecânica
                  Estatística Clássica},
  journal =	 RBEF,
  year =	 2001,
  volume =	 23,
  pages =	 19,
  number =	 01,
  owner =	 {salviano}
}

@ARTICLE{Weltner2001,
  author =	 {Klaus Weltner and Martin Ingelman-Sundberg and
                  Antonio Sergio C.  Espiridião and Paulo Miranda},
  title =	 {A Dinâmica dos Fluidos Complementada e a Sustentação
                  da Asa},
  journal =	 RBEF,
  year =	 2001,
  volume =	 23,
  pages =	 429,
  number =	 04,
  owner =	 {salviano}
}
