
@STRING{RBEF = {Revista Brasileira de Ensino de F\'{\i}sica}}

@ARTICLE{Baptista2000,
  author =	 {Jos\'{e} Pl\'{\i}nio Baptista and La\'{e}rcio
                  Ferracioli},
  title =	 {A Constru\c{c}\~{a}o do Princ\'{\i}pio de
                  In\'{e}rcia e do Conceito de In\'{e}rcia Material},
  journal =	 {Revista Brasileira de Ensino de F\'{\i}sica},
  year =	 2000,
  volume =	 22,
  pages =	 272,
  number =	 02,
  owner =	 {salviano}
}

@ARTICLE{Bolivar2001,
  author =	 {A. O. Bolivar},
  title =	 {Teorema de Ehrenfest e o Limite Cl\'{a}ssico da
                  Mec\^{a}nica Qu\^{a}ntica},
  journal =	 RBEF,
  year =	 2001,
  volume =	 23,
  pages =	 190,
  number =	 02,
  owner =	 {salviano}
}

@ARTICLE{Branicio2001,
  author =	 {Paulo S. Bran\'{\i}cio},
  title =	 {Introdu\c{c}\~{a}o \`{a} Supercondutividade, Suas
                  Aplica\c{c}\~{o}es, e a Mini-Revolu\c{c}\~{a}o
                  Provocada pela Redescoberta do MgB$_{2}$: Uma
                  Abordagem Did\'{a}tica},
  journal =	 RBEF,
  year =	 2001,
  volume =	 23,
  pages =	 381,
  number =	 04,
  owner =	 {salviano}
}

@ARTICLE{Bruno2002,
  author =	 {Antonia D. S. Bruno and J. Mauricio O. Matos},
  title =	 {O Comprimento da Trajet\'{o}ria de um Proj\'{e}til},
  journal =	 {Revista Brasileira de Ensino de F\'{\i}sica},
  year =	 2002,
  volume =	 24,
  pages =	 {30-36},
  number =	 1,
  month =	 {Mar\c{c}o}
}

@ARTICLE{Caparelli2001,
  author =	 {E. C. Caparelli and D. Tomasi},
  title =	 {An Analytical Calculation of Biot Savart Integral
                  Equation},
  journal =	 RBEF,
  year =	 2001,
  volume =	 23,
  pages =	 284,
  number =	 03,
  owner =	 {salviano}
}

@ARTICLE{Carneiro2000,
  author =	 {C. E. I. Carneiro and M. T. Thomaz},
  title =	 {A \'{A}lgebra dos F\'{e}rmions},
  journal =	 RBEF,
  year =	 2000,
  volume =	 22,
  pages =	 474,
  number =	 04,
  owner =	 {salviano}
}

@ARTICLE{Castellani2001,
  author =	 {Ot\'{a}vio C\'{e}sar Castellani},
  title =	 {Discuss\~{a}o dos Conceitos de Massa Inercial e
                  Gravitacional},
  journal =	 RBEF,
  year =	 2001,
  volume =	 23,
  pages =	 356,
  number =	 03,
  owner =	 {salviano}
}

@ARTICLE{Castro2001,
  author =	 {ELysandra Figur\^{e}do e Antonio Soares de Castro},
  title =	 {Um Problema de Tr\^{e}s Corpos Analiticamente
                  Sol\'{u}vel},
  journal =	 RBEF,
  year =	 2001,
  volume =	 23,
  pages =	 289,
  number =	 03,
  owner =	 {salviano}
}

@ARTICLE{Castro2002,
  author =	 {A. S. de Castro and E. L. Marchesetti and A. Feldt},
  title =	 {Constantes de Movimento para um Potencial Dependente
                  da Velocidade},
  journal =	 {Revista Brasileira de Ensino de F\'{\i}sica},
  year =	 2002,
  volume =	 24,
  pages =	 {278-284},
  number =	 3,
  month =	 {Setembro}
}

@ARTICLE{Chiquito2001,
  author =	 {Adenilson J. Chiquito},
  title =	 {Pontos Qu\^{a}nticos: \'{A}tomos Artificiais e
                  Transistores Qu\^{a}nticos},
  journal =	 RBEF,
  year =	 2001,
  volume =	 23,
  pages =	 159,
  number =	 02,
  owner =	 {salviano}
}

@ARTICLE{Davies-SciAm2006,
  author =	 {William J.H. Andrewes},
  title =	 {Uma},
  journal =	 {Scientific American Brasil - Edi\c{c}\~{a}o
                  Especial},
  year =	 2006,
  volume =	 21,
  pages =	 10,
  note =	 {Edi\c{c}\~{a}o especial da Scinetific American
                  Brasil},
  owner =	 {salviano},
  timestamp =	 {2008.04.14}
}

@ARTICLE{Delatorre2001,
  author =	 {Pl\'{\i}nio Delatorre and Valmir Fadel and Walter
                  Filgueira de Azevedo Junior},
  title =	 {Simula\c{c}\~{a}o de Densidade Eletr\^{o}nica para
                  Cristais Unidimensionais e Bidimensionais},
  journal =	 RBEF,
  year =	 2001,
  volume =	 23,
  pages =	 63,
  number =	 01,
  owner =	 {salviano}
}

@ARTICLE{Fabris1996,
  author =	 {Robson Leone Evangelista and J\'{u}lio C\'{e}sar
                  Fabris},
  title =	 {Singularidades Nuas e a Precess\~{a}o das
                  \'{O}rbitas El\'{\i}pticas},
  journal =	 RBEF,
  year =	 1996,
  volume =	 18,
  pages =	 7,
  number =	 1,
  owner =	 {salviano}
}

@ARTICLE{Fagundes2002,
  author =	 {Helio V. Fagundes},
  title =	 {Modelos Cosmol\'{o}gicos e a Acelera\c{c}\~{a}o do
                  Universo},
  journal =	 {Revista Brasileira de Ensino de F\'{\i}sica},
  year =	 2002,
  volume =	 24,
  pages =	 {247-253},
  number =	 2,
  month =	 {Junho}
}

@ARTICLE{Ferreira2000,
  author =	 {G. F. Leal Ferreira},
  title =	 {Estudo Simplificado do Movimento do Pi\~{a}o com
                  Rota\c{c}\~{a}o Constante ou Vari\'{a}vel},
  journal =	 RBEF,
  year =	 2000,
  volume =	 22,
  pages =	 568,
  number =	 04,
  owner =	 {salviano}
}

@ARTICLE{Ferreira2001,
  author =	 {G. F. Leal Ferreira},
  title =	 {Esfera Condutora em Movimento: Campos, Potenciais e
                  D\'{u}vidas},
  journal =	 RBEF,
  year =	 2001,
  volume =	 23,
  pages =	 141,
  number =	 01,
  owner =	 {salviano}
}

@ARTICLE{Ferreira2001a,
  author =	 {G. F. Leal Ferreira},
  title =	 {A Energia m\'{\i}nima Irradiada na Cria\c{c}\~{a}o
                  de Distribui\c{c}\~{a}o Neutra de Cargas},
  journal =	 RBEF,
  year =	 2001,
  volume =	 23,
  pages =	 145,
  number =	 01,
  owner =	 {salviano}
}

@ARTICLE{Ferreira2001b,
  author =	 {G. F. Leal Ferreira},
  title =	 {O Sentido F\'{\i}sico dos Campos $\mathbf{B}$ e
                  $\mathbf{H}$},
  journal =	 RBEF,
  year =	 2001,
  volume =	 23,
  pages =	 252,
  number =	 02,
  owner =	 {salviano}
}

@ARTICLE{Ferreira2001c,
  author =	 {G. F. Leal Ferreira},
  title =	 {As Equa\c{c}\~{o}es de Hamilton Sem
                  Transforma\c{c}\~{o}es de Legendre},
  journal =	 RBEF,
  year =	 2001,
  volume =	 23,
  pages =	 168,
  number =	 02,
  owner =	 {salviano}
}

@ARTICLE{Ferreira2001d,
  author =	 {G. F. Leal Ferreira},
  title =	 {Proj\'{e}teis com Resist\^{e}ncia do Ar
                  Quadr\'{a}tica na Velocidade},
  journal =	 RBEF,
  year =	 2001,
  volume =	 23,
  pages =	 260,
  number =	 03,
  owner =	 {salviano}
}

@ARTICLE{Ferreira2001e,
  author =	 {G. F. Leal Ferreira},
  title =	 {As Equa\c{c}\~{o}es de Estados Quase-Permanentes e
                  uma Vis\~{a}o Alternativa da Indu\c{c}\~{a}o
                  Eletromagn\'{e}tica},
  journal =	 RBEF,
  year =	 2001,
  volume =	 23,
  pages =	 395,
  number =	 04,
  owner =	 {salviano}
}

@ARTICLE{Fleming2001,
  author =	 {H. Fleming},
  title =	 {Two Theorems by Helmholtz},
  journal =	 RBEF,
  year =	 2001,
  volume =	 23,
  pages =	 155,
  number =	 02,
  owner =	 {salviano}
}

@ARTICLE{Gomes2001,
  author =	 {M. A. F. Gomes and E. J. R. Parteli},
  title =	 {A F\'{\i}sica nos Esportes},
  journal =	 RBEF,
  year =	 2001,
  volume =	 23,
  pages =	 10,
  number =	 01,
  owner =	 {salviano}
}

@ARTICLE{Jankov2000,
  author =	 {I. R. Jankov and I. D. Goldman and R. N. Szente},
  title =	 {Principles of the kelvin Probe Force Microscopy},
  journal =	 RBEF,
  year =	 2000,
  volume =	 22,
  pages =	 503,
  number =	 04,
  owner =	 {salviano}
}

@ARTICLE{Lemos2001,
  author =	 {Nivaldo A. Lemos},
  title =	 {$E=mc^2$: Origem e Significado},
  journal =	 {Revista Brasileira de Ensino de F\'{\i}sica},
  year =	 2001,
  volume =	 23,
  pages =	 3,
  number =	 1,
  month =	 {Mar\c{c}o}
}

@ARTICLE{Lemos2003,
  author =	 {Nivaldo A. Lemos},
  title =	 {Sutilezas dos V\'{\i}nculos N\~{a}o-Hol\^{o}nomos},
  journal =	 {Revista Brasileira de Ensino de F\'{\i}sica},
  year =	 2003,
  volume =	 25,
  pages =	 {28-34},
  number =	 1,
  month =	 {Mar\c{c}o}
}

@ARTICLE{Neves2000,
  author =	 {Marcos Cesar Danhoni Neves},
  title =	 {Uma Investiga\c{c}\~{a}o Sobre a Natureza do
                  Movimento ou Sobre uma Hist\'{o}ria para a
                  No\c{c}\~{a}o do Conceito de For\c{c}a},
  journal =	 RBEF,
  year =	 2000,
  volume =	 22,
  pages =	 543,
  number =	 04,
  owner =	 {salviano}
}

@ARTICLE{Neves2000a,
  author =	 {Marcos Cesar Danhoni Neves},
  title =	 {A Terra e Sua Posi\c{c}\~{a}o no Universo: Formas,
                  Dimens\~{o}es e Modelos Orbitais},
  journal =	 RBEF,
  year =	 2000,
  volume =	 22,
  pages =	 557,
  number =	 04,
  owner =	 {salviano}
}

@ARTICLE{Ota2011,
  author =       {Ota, Yasutomo and Iwamoto, Satoshi and Kumagai,
                  Naoto and Arakawa, Yasuhiko},
  title =        {Spontaneous Two-Photon Emission from a Single
                  Quantum Dot},
  journal =      {Phys. Rev. Lett.},
  year =         2011,
  volume =       107,
  pages =        233602,
  month =        {Nov},
  abstract =     {Spontaneous two-photon emission from a solid-state
                  single quantum emitter is observed. We investigated
                  photoluminescence from the neutral biexciton in a
                  single semiconductor quantum dot coupled with a high
                  Q photonic crystal nanocavity. When the cavity is
                  resonant to the half energy of the biexciton, the
                  strong vacuum field in the cavity inspires the
                  biexciton to simultaneously emit two photons into
                  the mode, resulting in clear emission enhancement of
                  the mode. Meanwhile, the suppression of other single
                  photon emission from the biexciton was observed, as
                  the two-photon emission process becomes faster than
                  the others at the resonance.},
  issue =        23,
  numpages =     5,
  owner =        {salviano},
  publisher =    {American Physical Society},
  timestamp =    {2011.11.30},
  url =
                  {http://link.aps.org/doi/10.1103/PhysRevLett.107.233602}
}

@ARTICLE{Pasqua2001,
  author =	 {Norberto Helil Pasqua and Paulo Daniel Emmel},
  title =	 {Cancelamento das For\c{c}as de V\'{\i}nculo em Anel
                  Condutor Carregado com $nq$ Cargas por meio de uma
                  Carga $Q$ de Sinal Contr\'{a}rio Posicionada no
                  Centro},
  journal =	 RBEF,
  year =	 2001,
  volume =	 23,
  pages =	 184,
  number =	 02,
  owner =	 {salviano}
}

@ARTICLE{Peixoto2000,
  author =	 {Luciano Terra Peixoto and Newton El\'{o}i Oliveira
                  Azevedo},
  title =	 {Simula\c{c}\~{a}o gr\'{a}fica do comportamento
                  qu\^{a}ntico da cadeia monoat\^{o}mica},
  journal =	 RBEF,
  year =	 2000,
  volume =	 22,
  pages =	 468,
  number =	 04,
  owner =	 {salviano}
}

@ARTICLE{Planck2000,
  author =	 {M. Planck},
  title =	 {Sobre um Aperfei\c{c}oamento da Equa\c{c}\~{a}o de
                  Wien para o Espectro},
  journal =	 RBEF,
  year =	 2000,
  volume =	 22,
  pages =	 536,
  number =	 04,
  owner =	 {salviano}
}

@ARTICLE{Planck2000a,
  author =	 {M. Planck},
  title =	 {Sobre a Lei de Distribui\c{c}\~{a}o de Energia no
                  Espectro Normal},
  journal =	 RBEF,
  year =	 2000,
  volume =	 22,
  pages =	 538,
  number =	 04,
  owner =	 {salviano}
}

@ARTICLE{Resek1996,
  author =	 {Eduardo O. Resek},
  title =	 {Uma Nota Sobre a Magnetost\'{a}tica e a Lei de
                  Amp\'{e}re},
  journal =	 RBEF,
  year =	 1996,
  volume =	 18,
  pages =	 56,
  number =	 1,
  owner =	 {salviano}
}

@ARTICLE{Robert2000,
  author =	 {Ren\^{e} Robert and S\'{e}rgio Luiz Meister Berleze},
  title =	 {Dist\^{a}ncia geom\'{e}trica m\'{e}dia de
                  J. C. Maxwell no c\'{a}lculo de campos
                  magn\'{e}ticos},
  journal =	 RBEF,
  year =	 2000,
  volume =	 22,
  pages =	 463,
  number =	 04,
  owner =	 {salviano}
}

@ARTICLE{Santana2000,
  author =	 {A. E. Santana and A. Ribeiro Filho and J. David
                  M. Vianna},
  title =	 {Grupos de Lie em mec\^{a}nica cl\'{a}ssica: a
                  contribui\c{c}\~{a}o de Dirac e recentes
                  desenvolvimentos},
  journal =	 {Revista Brasileira de Ensino de F\'{\i}sica},
  year =	 2000,
  volume =	 22,
  pages =	 199,
  number =	 02,
  abstract =	 {O conceito de representa\c{c}\~{a}o de \'{a}lgebras
                  de Lie proposto por Dirac, com base na estrutura de
                  par\^{e}ntesis de Poisson, \'{e} reexaminado sob a
                  perspectiva de recentes desenvolvimentos. Como
                  exemplos, o grupo de Poincar\'{e} e o de
                  rota\c{c}\~{a}o s\~{a}o tratados no espa\c{c}o de
                  fase, com particular \^{e}nfase a modelos
                  cl\'{a}ssicos com graus internos de liberdade, como
                  spin e isospin. Al\'{e}m disso, como uma
                  generaliza\c{c}\~{a}o da proposta de Dirac,
                  desenvolvemos a no\c{c}\~{a}o de
                  representa\c{c}\~{a}o unit\'{a}ria no espa\c{c}o de
                  fase relativ\'{\i}stico seguindo de perto a
                  estrutura qu\^{a}ntica. Mostramos ent\~{a}o como
                  tais representa \c{c}\~{o}es est\~{a}o associadas
                  com m\'{e}todos da teoria de campos a temperatura
                  finita e teoria cin\'{e}tica relativ\'{\i}stica. O
                  trabalho enfatiza uma apresenta\c{c}\~{a}o
                  pedag\'{o}gica de um ponto de vista f\'{\i}sico.},
  owner =	 {salviano}
}

@ARTICLE{Silveira2001,
  author =	 {Fernando Lang da Silveira},
  title =	 {As Varia\c{c}\~{o}es dos Intervalos de Tempo entre
                  as Fases Principais da Lua},
  journal =	 RBEF,
  year =	 2001,
  volume =	 23,
  pages =	 300,
  number =	 03,
  owner =	 {salviano}
}

@ARTICLE{Studart2000,
  author =	 {Nelson Studart},
  title =	 {A Inven\c{c}\~{a}o do Conceito de Quantum de Energia
                  Segundo Planck},
  journal =	 RBEF,
  year =	 2000,
  volume =	 22,
  pages =	 523,
  number =	 04,
  owner =	 {salviano}
}

@ARTICLE{Tort2001,
  author =	 {J. J. Passos Sobrinho e A. C. Tort},
  title =	 {Uma Introdu\c{c}\~{a}o aos M\'{e}todos de
                  C\'{a}lculo da Energia de Casimir},
  journal =	 RBEF,
  year =	 2001,
  volume =	 23,
  pages =	 401,
  number =	 04,
  owner =	 {salviano}
}

@ARTICLE{Veneziano-SciAm2006,
  author =	 {Gabriele Veneziano},
  title =	 {O Enigma Envolvendo O In\'{\i}cio Do Tempo},
  journal =	 {Scientific American Brasil - Edi\c{c}\~{a}o
                  Especial},
  year =	 2006,
  volume =	 21,
  pages =	 70,
  owner =	 {salviano},
  timestamp =	 {2008.04.14}
}

@ARTICLE{Volchan2001,
  author =	 {S\'{e}rgio B. Volchan and Antonio A. P. Videira},
  title =	 {Reversibilidade Microsc\'{o}pica versus
                  Irreversibilidade Macrosc\'{o}pica na Mec\^{a}nica
                  Estat\'{\i}stica Cl\'{a}ssica},
  journal =	 RBEF,
  year =	 2001,
  volume =	 23,
  pages =	 19,
  number =	 01,
  owner =	 {salviano}
}

@ARTICLE{Weltner2001,
  author =	 {Klaus Weltner and Martin Ingelman-Sundberg and
                  Antonio Sergio C.  Espiridi\~{a}o and Paulo Miranda},
  title =	 {A Din\^{a}mica dos Fluidos Complementada e a
                  Sustenta\c{c}\~{a}o da Asa},
  journal =	 RBEF,
  year =	 2001,
  volume =	 23,
  pages =	 429,
  number =	 04,
  owner =	 {salviano}
}
