@BOOK{Adams1992,
  title =	 {Fortran 90 Handbook, Complete ANSI/ISO Reference},
  publisher =	 {McGraw-Hill Book company},
  year =	 1992,
  author =	 {Jeanne C. Adams and Walter S. Brainerd and Jeanne
                  T. Martin and Brian T. Smith and Jerrold L. Wagener},
  owner =	 {salviano},
  timestamp =	 {2006.08.06}
}

@Book{Niguem2013,
 title = {Quem sou?},
 publisher = {Não sei},
 year = {2013},
 author = {João Niguém}
}



@Book{Griffiths-eletro,
 title = {Eletrodinâmica},
 publisher = {Pearson Education do Brasil},
 year = {2011},
 author = {David John Griffths},
 edition = {$3^{a}$ edição},
 note = {É um bom livro de eletromagnetismo},
 owner =  {salviano}
}

@article{citation-0,
  title={3. DOS REQUISITOS PARA INSCRI{\c{C}}{\~A}O},
  author={de Tutoria, Coordenador Geral}
}



@BOOK{Campos2001,
  title =	 {Algoritmos Numéricos},
  publisher =	 {Editora LTC Ltda.},
  year =	 2001,
  author =	 {Frederico Ferreira Campos Filho},
  owner =	 {salviano},
  timestamp =	 {2006.08.31}
}

@BOOK{Conte1980,
  title =	 {Elementary Numerical Analysis: An Algorithmic
                  Approach},
  publisher =	 {McGraw-Hill Book Company},
  year =	 1980,
  author =	 {S. D. Conte and Carl de Boor},
  edition =	 {Third},
  owner =	 {salviano},
  timestamp =	 {2006.08.06}
}

@BOOK{Dahlquist1974,
  title =	 {Numerical Methods},
  author =	 {G. Dahlquist and {\AA}. Bj{\"o}rck},
  isbn =	 9780486428079,
  lccn =	 2002072867,
  series =	 {Dover Books on Mathematics Series},
  url =		 {http://books.google.com.br/books?id=armfeHpJIwAC},
  year =	 1974,
  publisher =	 {Dover}
}

@BOOK{DeVries93,
  title =	 {A First Course in Computational Physics},
  publisher =	 {John Wiley \& Sons, New York},
  year =	 1993,
  author =	 {P. L. DeVries},
  key =		 {DeVries93}
}

@BOOK{Franco2006,
  title =	 {Cáculo Numérico},
  publisher =	 {Pearson - Prentice Hall},
  year =	 2006,
  editor =	 {Marcos Pace},
  author =	 {Neide Bertoldi Franco},
  owner =	 {salviano},
  review =	 {Este é um livro innteressante de cálculo numérico,
                  porém não traz os algoritmos.},
  timestamp =	 {2009.12.08}
}

@BOOK{Heath1997,
  title =	 {Scientific Computing An Introductory Survey},
  publisher =	 {McGraw-Hill Company},
  year =	 1997,
  author =	 {Michael T. Heath},
  owner =	 {salviano},
  timestamp =	 {2006.08.06}
}

@BOOK{Henrici1964,
  title =	 {Elements of Numerical Analysis},
  publisher =	 {John Willey \& Sons, Inc.},
  year =	 1964,
  author =	 {Peter Henrici},
  owner =	 {salviano},
  timestamp =	 {2006.08.06}
}

@BOOK{MacKeown,
  title =	 {Computational Techniques in Physics},
  publisher =	 {Adam Hilger},
  year =	 1987,
  author =	 {P. K. MacKeown and D. J. Newman},
  key =		 {MacKeown}
}

@BOOK{Metcalf99,
  title =	 {FORTRAN 90/95 explained},
  publisher =	 {Oxford University Press},
  year =	 1999,
  author =	 {Michael Metcalf and John Reid},
  edition =	 {second},
  note =	 {Livro de fortran 90 da biblioteca, indicado para
                  consultas rápidas},
  key =		 {Metcalf99}
}

@ARTICLE{Ota2011,
  author =	 {Ota, Yasutomo and Iwamoto, Satoshi and Kumagai,
                  Naoto and Arakawa, Yasuhiko},
  title =	 {Spontaneous Two-Photon Emission from a Single
                  Quantum Dot},
  journal =	 {Phys. Rev. Lett.},
  year =	 2011,
  volume =	 107,
  pages =	 233602,
  month =	 {Nov},
  __markedentry ={[salviano:6]},
  abstract =	 {Spontaneous two-photon emission from a solid-state
                  single quantum emitter is observed. We investigated
                  photoluminescence from the neutral biexciton in a
                  single semiconductor quantum dot coupled with a high
                  Q photonic crystal nanocavity. When the cavity is
                  resonant to the half energy of the biexciton, the
                  strong vacuum field in the cavity inspires the
                  biexciton to simultaneously emit two photons into
                  the mode, resulting in clear emission enhancement of
                  the mode. Meanwhile, the suppression of other single
                  photon emission from the biexciton was observed, as
                  the two-photon emission process becomes faster than
                  the others at the resonance.},
  issue =	 23,
  numpages =	 5,
  owner =	 {salviano},
  publisher =	 {American Physical Society},
  timestamp =	 {2011.11.30},
  url =
                  {http://link.aps.org/doi/10.1103/PhysRevLett.107.233602}
}

@BOOK{Patel1994,
  title =	 {Numerical Analysis},
  publisher =	 {Saunders College Publishing},
  year =	 1994,
  author =	 {Vithal A. Patel},
  owner =	 {salviano},
  timestamp =	 {2006.08.06}
}

@BOOK{Pina1995,
  title =	 {Métodos Numéricos},
  publisher =	 {McGraw-Hill de Portugal Ltda.},
  year =	 1995,
  author =	 {Heitor Pina},
  owner =	 {salviano},
  timestamp =	 {2006.08.06}
}

@BOOK{Press92,
  title =	 {Numerical recipes in FORTRAN: The art of scientific
                  computing},
  publisher =	 {Cambridge University Press},
  year =	 1992,
  author =	 {W. H. Press and S. A. Teukolsky and W. T. Vetterling
                  and B. P. Flannery},
  edition =	 {2nd. ed.},
  key =		 {Press92}
}

@BOOK{RLandau97,
  title =	 {Computational Physics: Problem Solving with
                  Computers},
  publisher =	 {John Wiley \& Sons},
  year =	 1997,
  author =	 {Rubin H. Landau and Manuel J. Páez},
  note =	 {Livro da biblioteca, de cálculo numérico voltado
                  para problemas físicos},
  key =		 {RLandau97}
}

@BOOK{Trefethen1997,
  title =	 {Numerical Linear Algebra},
  publisher =	 {SIAM - Society for Industrial and Applied
                  Mathematics},
  year =	 1997,
  author =	 {Lloyd N. Trefethen and David Bau III},
  owner =	 {salviano},
  timestamp =	 {2006.08.06}
}


@book{griffiths2011eletrodinamica,
  title={Eletrodin{\^a}mica},
  author={David Jeffrey Griffiths},
  year={2011},
  publisher={Pearson Addison Wesley}
}
