@book{dahlquist1974numerical,
  title={Numerical Methods},
  author={Dahlquist, G. and Bj{\"o}rck, {\AA}.},
  isbn={9780486428079},
  lccn={2002072867},
  series={Dover Books on Mathematics Series},
  url={http://books.google.com.br/books?id=armfeHpJIwAC},
  year={1974},
  publisher={Dover}
}
