% This file was created with JabRef 2.10b2.
% Encoding: UTF-8
%Note = {The Linux Documentation Project (LDP) is working on developing good, reliable 
%        documentation for the Linux operating system. The overall goal of the LDP is 
%        to collaborate in taking care of all of the issues of Linux documentation, 
%        ranging from online documentation (man pages, HTML, and so on) to printed 
%        manuals covering topics such as installing, using, and running Linux. Here 
%        is the Linux Documentation Project Manifesto and Copyright License for LDP works.},

@Misc{AdvBashScr,
  Title                    = {Advanced Bash-Scripting Guide},
  Address                  = {\url{http://www.tldp.org/}},
  Author                   = {Mendel Cooper},
  HowPublished             = {\url{http://www.tldp.org/LDP/abs/html/}},
  Language                 = {English},
  Month                    = {November},  
  Organization             = {The Linux Documentation Project},
  Url                      = {http://www.tldp.org/LDP/abs/html/},
  Year                     = {2012},
  Review                   = {This document is both a tutorial and a reference on shell scripting
                              with Bash. It assumes no previous knowledge of scripting or programming, 
                              but progresses rapidly toward an intermediate/advanced level of instruction... 
                              all the while sneaking in little nuggets of UNIX® wisdom and lore. It serves 
                              as a textbook, a manual for self-study, and as a reference and source of 
                              knowledge on shell scripting techniques. The exercises and heavily-commented 
                              examples invite active reader participation, under the premise that the only 
                              way to really learn scripting is to write scripts.},
  Keywords                 = {Shell Script, BAsh},
  Owner                    = {salviano},
  Timestamp                = {2013.12.20}
}

@Misc{BGB2008,
  Title                    = {Bash Guide for Beginners},
  Address                  = {\url{http://www.tldp.org/}},
  Author                   = {Machtelt Garrels},
  HowPublished             = {\url{http://www.tldp.org/LDP/Bash-Beginners-Guide/html/index.html}},
  Language                 = {English},
  Month                    = {December},
  Organization             = {The Linux Documentation Project},
  Url                      = {http://www.tldp.org/LDP/Bash-Beginners-Guide/html/index.html},
  Year                     = {2008},
  Review                   = {The Bash Guide for Beginners gets you started with Bash scripting and 
                              bridges the gap between the Bash HOWTO and the Advanced Bash Scripting Guide. 
                              Everybody who wants to make life easier on themselves, power users and 
                              sysadmins alike, can benefit from reading this practical course. The guide 
                              contains lots of examples and exercises at the end of each chapter, 
                              demonstrating the theory and helping you practice. Bash is available on a 
                              wide variety of UNIX, Linux, MS Windows and other systems.},
  Owner                    = {salviano},
  Timestamp                = {2013.12.20}
}

@Book{Jargas2008-ExpReg,
  Title                    = {Express{\~o}es Regulares: Uma Abordagem Divertida},
  Author                   = {Aurelio Marinho Jargas},
  Publisher                = {Novatec},
  Year                     = {2008},
  Edition                  = {$2^{\underline{a}}$},
  ISBN                     = {9788575221730},
  Owner                    = {salviano},
  Review                   = {As 'Expressões Regulares' podem ser utilizadas em diversos aplicativos, 
                              como editores de textos, leitores de e-mail e linguagens de programação, no 
                              UNIX, Linux, Windows e Mac. Qualquer usuário de computador pode usufruir dos 
                              seus benefícios. Profissionais que manipulam texto e dados economizarão horas 
                              de serviço braçal - escritores, revisores, tradutores, programadores e 
                              administradores de sistema.},
  Timestamp                = {2013.12.20},
  Url                      = {http://books.google.com.br/books?id=12tA2\_TUlIgC}
}

@Book{Jargas2008-Shell,
  Title                    = {Shell Script Profissional},
  Author                   = {Aurelio Marinho Jargas},
  Publisher                = {Novatec},
  Year                     = {2008},
  ISBN                     = {9788575221525},
  Owner                    = {salviano},
  Review                   = {Fui mexer num script e levei horas para me achar nele. Estava uma bagunça, 
                              tudo amontoado, feio mesmo. Não tinha um único comentário para me ajudar. Os 
                              nomes de variáveis então? Era $a, $b, $tm, $cs... O que é um cs? É um caos, 
                              isso sim." Você já passou por algo parecido? O inesquecível pesadelo de dar 
                              manutenção em um script mal feito. É tanto tempo perdido tentando achar o 
                              ponto certo, que às vezes o melhor é rescrever tudo. O livro Shell Script 
                              Profissional ensina a fazer programas de qualidade em shell, com ênfase em 
                              código legível, portabilidade e manutenção futura. Melhore seus scripts, 
                              adicionando opções de linha de comando, arquivo de configuração, banco de 
                              dados e interface amigável ao usuário. Use a internet para rodar seu CGI. 
                              Domine as ferramentas do sistema, as expressões regulares e os caracteres 
                              de controle. Indicado para administradores de sistemas, programadores, 
                              analistas, estudantes e usuários avançados. Indispensável para quem quer 
                              dominar o assunto. Os ensinamentos poderão ser usados em diversos sistemas, 
                              incluindo Unix, Linux, Mac e Windows.},
  Timestamp                = {2013.12.20},
  Url                      = {http://books.google.com.br/books?id=snmJepzoNfgC}
}

@Book{Neves2008,
  Title                    = {Programa{\c{c}}{\~a}o Shell Linux},
  Author                   = {Neves, J.C.},
  Publisher                = {Brasport},
  Edition                  = {$7^{\underline{a}}$ edi{\c{c}}{\~a}o},
  Year                     = {2008},
  ISBN                     = {9788574523453},
  Owner                    = {salviano},
  Timestamp                = {2013.12.20},
  Url                      = {http://books.google.com.br/books?id=BYS26h1v9OYC}
}

@Book{Robbins2008,
  Title                    = {Classic Shell Scripting},
  Author                   = {Arnold Robbins and Nelson H. F. Beebe},
  Publisher                = {Bookman Companhia Ed.},
  Year                     = {2008},
  ISBN                     = {9788577801473},
  Owner                    = {salviano},
  Review                   = {Conhecer e saber utilizar a programação shell script é a chave para liberar 
                              o verdadeiro potencial do Unix. Com esta obra, o leitor vai aprender a escrever 
                              shell scripts úteis e confiáveis para obter o melhor desempenho de qualquer 
                              sistema individual. Este é um texto essencial para quem deseja dominar as 
                              habilidades essenciais de programação no Shell.},
  Timestamp                = {2013.12.20},
  Url                      = {http://books.google.com.br/books?id=ba4EJ9dfTt0C}
}

@Book{Robbins2005,
  Title                    = {Classic Shell Scripting: Hidden Commands that Unlock the Power of Unix},
  Author                   = {Arnold Robbins And Nelson H. F. Beebe},
  Publisher                = {O'Reilly Media, Incorporated},
  Year                     = {2005},
  Series                   = {Oreilly Series},
  ISBN                     = {9780596005955},
  Lccn                     = {2005296240},
  Owner                    = {salviano},
  Review                   = {Shell scripting skills never go out of style. It's the shell that unlocks 
                              the real potential of Unix. Shell scripting is essential for Unix users and 
                              system administrators-a way to quickly harness and customize the full power 
                              of any Unix system. With shell scripts, you can combine the fundamental Unix 
                              text and file processing commands to crunch data and automate repetitive tasks. 
                              But beneath this simple promise lies a treacherous ocean of variations in 
                              Unix commands and standards. Classic Shell Scripting is written to help you 
                              reliably navigate these tricky waters.

                              Writing shell scripts requires more than just a knowledge of the shell 
                              language, it also requires familiarity with the individual Unix programs: why 
                              each one is there, how to use them by themselves, and in combination with the 
                              other programs. The authors are intimately familiar with the tips and tricks 
                              that can be used to create excellent scripts, as well as the traps that can 
                              make your best effort a bad shell script. With Classic Shell Scripting you'll 
                              avoid hours of wasted effort. You'll learn not only write useful shell scripts, 
                              but how to do it properly and portably.

                              The ability to program and customize the shell quickly, reliably, and portably 
                              to get the best out of any individual system is an important skill for anyone 
                              operating and maintaining Unix or Linux systems. Classic Shell Scripting gives 
                              you everything you need to master these essential skills.},
  Timestamp                = {2013.12.20},
  Url                      = {http://books.google.com.br/books?id=gsODmAEACAAJ}
}

